@misc{ qsl,
	author = "",
	title = "",
	month = "",
	year = "",
	url = "https://www.qsl.net/n9zia/spec/"
}

@misc{ lea,
	author = "",
	title = "",
	month = "",
	year = "",
	url = "http://lea.hamradio.si/~s53mv/spectana/sa.html"
}

@misc{ randy,
	author = "",
	title = "",
	month = "",
	year = "",
	url = "https://randysbench.wordpress.com/tag/diy-spectrum-analyzer/"
}

@article{ amateur,
	author = "",
	title = "",
	journal = "",
	publisher = "",
	year = "",
}
